@article{ghemawatMapreduce2008,
	title = {{MapReduce:} simplified data processing on large clusters},
	volume = {51},
	issn = {0001-0782},
	lccn = {4980},
	shorttitle = {{MapReduce}},
	url = {http://doi.acm.org/10.1145/1327452.1327492},
	doi = {10.1145/1327452.1327492},
	number = {1},
	journal = {Commun. {ACM}},
	author = {Dean, Jeffrey and Ghemawat, Sanjay},
	month = jan,
	year = {2008},
	pages = {107–113}
}


@inproceedings{ghemawatGfs2003,
	title = {The Google file system},
	volume = {37},
	booktitle = {{ACM} {SIGOPS} Operating Systems Review},
	publisher = {{ACM}},
	author = {Ghemawat, Sanjay and Gobioff, Howard and Leung, Shun-Tak},
	year = {2003},
	pages = {29–43},
}

@inproceedings{shvachko2010,
	author = {Shvachko, Konstantin and Kuang, Hairong and Radia, Sanjay and Chansler, Robert},
	title = {The Hadoop Distributed File System},
	booktitle = {Proceedings of the 2010 IEEE 26th Symposium on Mass Storage Systems and Technologies (MSST)},
	series = {MSST '10},
	year = {2010},
	isbn = {978-1-4244-7152-2},
	pages = {1--10},
	numpages = {10},
	url = {http://dx.doi.org/10.1109/MSST.2010.5496972},
	doi = {10.1109/MSST.2010.5496972},
	acmid = {1914427},
	publisher = {IEEE Computer Society},
	address = {Washington, DC, USA},
}

@inproceedings{ding2011,
	author = {Ding, Mengwei and Zheng, Long and Lu, Yanchao and Li, Li and Guo, Song and Guo, Minyi},
	title = {More Convenient More Overhead: The Performance Evaluation of Hadoop Streaming},
	booktitle = {Proceedings of the 2011 ACM Symposium on Research in Applied Computation},
	series = {RACS '11},
	year = {2011},
	isbn = {978-1-4503-1087-1},
	location = {Miami, Florida},
	pages = {307--313},
	numpages = {7},
	url = {http://doi.acm.org/10.1145/2103380.2103444},
	doi = {10.1145/2103380.2103444},
	acmid = {2103444},
	publisher = {ACM},
	address = {New York, NY, USA},
	keywords = {Hadoop, Hadoop streaming, Linux kernel, MapReduce},
} 

@book{white2012,
	address = {Beijing},
	edition = {Third edition},
	title = {Hadoop: The Definitive Guide},
	isbn = {9781449311520},
	lccn = {QA76.9.D5 W47 2012},
	shorttitle = {Hadoop},
	publisher = {{O'Reilly}},
	author = {White, Tom},
	year = {2012},
}

@book{george2011,
	author = {George, Lars},
	title = {HBase: The Definitive Guide},
	year = {2011},
	isbn = {9781449396107},
	edition = {1st},
	publisher = {O'Reilly Media, Inc.},
}

@book{venner2009,
	author = {Venner, Jason},
	title = {Pro Hadoop},
	year = {2009},
	isbn = {1430219424, 9781430219422},
	edition = {1st},
	publisher = {Apress},
	address = {Berkely, CA, USA},
}

% ------------ %

@misc{hadoopSite,
	title = {Welcome to Apache™ Hadoop®!},
	year = {2014},
	url = {http://hadoop.apache.org/},
	urldate = {2014-06-06},
}

@misc{hadoopSiteMapReduce,
	title = {{MapReduce} Tutorial},
	year = {2013},
	url = {http://hadoop.apache.org/docs/r1.2.1/mapred_tutorial.html},
	urldate = {2014-05-10},
}

@misc{hadoopSiteHDFS,
	title = {{HDFS} Architecture},
	year = {2013},
	url = {http://hadoop.apache.org/docs/r2.2.0/hadoop-project-dist/hadoop-hdfs/HdfsDesign.html},
	urldate = {2014-04-11},
}

% ------------- %

@book{coulouris2007,
	title={Sistemas Distribu{\'\i}dos - 4ed: Conceitos e Projeto},
	author={COULOURIS, G. and DOLLIMORE, J. and KINDBERG, TIM},
	isbn={9788560031498},
	year={2007},
	publisher={BOOKMAN COMPANHIA ED}
}

@book{oaks2014,
	title = {Java Performance: The Definitive Guide},
	publisher = {" {O'Reilly} Media, Inc."},
	author = {Oaks, Scott},
	year = {2014},
}

% ------------------ %

@inproceedings{preotiuc2012,
	title = {Trendminer: An architecture for real time analysis of social media text},
	booktitle = {Sixth International {AAAI} Conference on Weblogs and Social Media},
	author = {Preotiuc-Pietro, Daniel and Samangooei, Sina and Cohn, Trevor and Gibbins, Nicholas and Niranjan, Mahesan},
	year = {2012},
	pages = {38–42},
}

@article{araujo2013,
	title = {Métodos para Análise de Sentimentos no Twitter},
	author = {Araújo, Matheus and Gonçalves, Pollyanna and Benevenuto, Fabrício},
	year = {2013},
}
